@inproceedings{dovier,
  title={A fast bisimulation algorithm},
  author={Dovier, Agostino and Piazza, Carla and Policriti, Alberto},
  booktitle={International Conference on Computer Aided Verification},
  pages={79--90},
  year={2001},
  organization={Springer}
}

@article{gentilini,
  title={From bisimulation to simulation: Coarsest partition problems},
  author={Gentilini, Raffaella and Piazza, Carla and Policriti, Alberto},
  journal={Journal of Automated Reasoning},
  volume={31},
  number={1},
  pages={73--103},
  year={2003},
  publisher={Springer}
}

@book{clrs,
  author    = {Thomas H. Cormen and
               Charles E. Leiserson and
               Ronald L. Rivest and
               Clifford Stein},
  title     = {Introduction to Algorithms, 3rd Edition},
  publisher = {{MIT} Press},
  year      = {2009},
  url       = {http://mitpress.mit.edu/books/introduction-algorithms},
  isbn      = {978-0-262-03384-8},
  timestamp = {Fri, 17 Jul 2020 16:12:37 +0200},
  biburl    = {https://dblp.org/rec/books/daglib/0023376.bib},
  bibsource = {dblp computer science bibliography, https://dblp.org}
}

@book{aczel,
  author    = {Peter Aczel},
  title     = {Non-well-founded sets},
  series    = {{CSLI} lecture notes series},
  volume    = {14},
  publisher = {{CSLI}},
  year      = {1988},
  isbn      = {978-0-937073-21-6},
  timestamp = {Fri, 12 Jul 2019 14:39:18 +0200},
  biburl    = {https://dblp.org/rec/books/daglib/0071289.bib},
  bibsource = {dblp computer science bibliography, https://dblp.org}
}

@article{tarjan,
  title={Depth-first search and linear graph algorithms},
  author={Tarjan, Robert},
  journal={SIAM journal on computing},
  volume={1},
  number={2},
  pages={146--160},
  year={1972},
  publisher={SIAM}
}

@book{kunen,
  title={Set theory, an introduction to independence proofs},
  author={Kunen, Kenneth},
  year={2014},
  publisher={Elsevier}
}

@incollection{hopcroft,
  title={An n log n algorithm for minimizing states in a finite automaton},
  author={Hopcroft, John},
  booktitle={Theory of machines and computations},
  pages={189--196},
  year={1971},
  publisher={Elsevier}
}

@article{paigetarjan,
  title     = {Three partition refinement algorithms},
  author    = {Paige, Robert and Tarjan, Robert E},
  journal   = {SIAM Journal on Computing},
  volume    = {16},
  number    = {6},
  pages     = {973--989},
  year      = {1987},
  publisher = {SIAM}
}

@inproceedings{saha,
  title={An incremental bisimulation algorithm},
  author={Saha, Diptikalyan},
  booktitle={International Conference on Foundations of Software Technology and Theoretical Computer Science},
  pages={204--215},
  year={2007},
  organization={Springer}
}

@article{sharir,
  title={A strong-connectivity algorithm and its applications in data flow analysis},
  author={Sharir, Micha},
  journal={Computers \& Mathematics with Applications},
  volume={7},
  number={1},
  pages={67--72},
  year={1981},
  publisher={Elsevier}
}

@misc{pytest6.2.2,
  title =        {pytest 6.2.2},
  author = {Krekel, Holger and Oliveira, Bruno and Pfannschmidt, Ronny and Bruynooghe, Floris and Laugher, Brianna and Bruhin, Florian},
  year =         {2004},
  url = {https://github.com/pytest-dev/pytest},
}
