@inproceedings{dovier,
  title={A fast bisimulation algorithm},
  author={Dovier, Agostino and Piazza, Carla and Policriti, Alberto},
  booktitle={International Conference on Computer Aided Verification},
  pages={79--90},
  year={2001},
  organization={Springer}
}

@article{gentilini,
  title={From bisimulation to simulation: Coarsest partition problems},
  author={Gentilini, Raffaella and Piazza, Carla and Policriti, Alberto},
  journal={Journal of Automated Reasoning},
  volume={31},
  number={1},
  pages={73--103},
  year={2003},
  publisher={Springer}
}
